<record><leader>00000cas a2200000 a 4500</leader><controlfield tag="001">36077261</controlfield><controlfield tag="008">961212d197u1980fluwr ne      0    0eng c</controlfield><datafield ind1=" " ind2=" " tag="010"><subfield code="a">sn 96027731 </subfield></datafield><datafield ind1=" " ind2=" " tag="040"><subfield code="a">FUG</subfield><subfield code="b">eng</subfield><subfield code="c">FUG</subfield><subfield code="d">OCLCQ</subfield><subfield code="d">OCLCF</subfield><subfield code="d">OCLCO</subfield></datafield><datafield ind1=" " ind2=" " tag="012"><subfield code="i">9612</subfield></datafield><datafield ind1="1" ind2=" " tag="029"><subfield code="a">AU@</subfield><subfield code="b">000012970992</subfield></datafield><datafield ind1=" " ind2=" " tag="042"><subfield code="a">pcc</subfield></datafield><datafield ind1=" " ind2=" " tag="043"><subfield code="a">n-us-fl</subfield></datafield><datafield ind1="0" ind2="0" tag="245"><subfield code="a">Dunedin herald.</subfield></datafield><datafield ind1="3" ind2="0" tag="246"><subfield code="a">Herald</subfield></datafield><datafield ind1=" " ind2=" " tag="260"><subfield code="a">Dunedin, Fla. :</subfield><subfield code="b">Pinellas Publishers,</subfield><subfield code="c">-1980.</subfield></datafield><datafield ind1=" " ind2=" " tag="300"><subfield code="a">v. :</subfield><subfield code="b">ill.</subfield></datafield><datafield ind1=" " ind2=" " tag="310"><subfield code="a">Weekly</subfield></datafield><datafield ind1="0" ind2=" " tag="362"><subfield code="a">-v. 8, no. 13 (Mar. 27, 1980).</subfield></datafield><datafield ind1=" " ind2=" " tag="500"><subfield code="a">"The only weekly newspaper serving upper Pinellas and west Pasco counties."</subfield></datafield><datafield ind1=" " ind2=" " tag="500"><subfield code="a">Published at Tarpon Springs, Fla., -1980.</subfield></datafield><datafield ind1=" " ind2=" " tag="530"><subfield code="a">Also issued on microfilm from the University of Florida.</subfield></datafield><datafield ind1=" " ind2=" " tag="580"><subfield code="a">Merged with: Oldsmar herald, and Countryside herald, to form: Herald (Tarpon Springs, Fla. : Dunedin, Oldsmar, Countryside ed.).</subfield></datafield><datafield ind1=" " ind2=" " tag="588"><subfield code="a">Description based on: 6th year, 22nd week (June 1, 1978).</subfield></datafield><datafield ind1=" " ind2="0" tag="651"><subfield code="a">Dunedin (Fla.)</subfield><subfield code="v">Newspapers.</subfield></datafield><datafield ind1=" " ind2="0" tag="651"><subfield code="a">Tarpon Springs (Fla.)</subfield><subfield code="v">Newspapers.</subfield></datafield><datafield ind1=" " ind2="0" tag="651"><subfield code="a">Pinellas County (Fla.)</subfield><subfield code="v">Newspapers.</subfield></datafield><datafield ind1=" " ind2="7" tag="655"><subfield code="a">Newspapers.</subfield><subfield code="2">fast</subfield><subfield code="0">(OCoLC)fst01423814</subfield></datafield><datafield ind1=" " ind2="7" tag="651"><subfield code="a">Florida</subfield><subfield code="z">Dunedin.</subfield><subfield code="2">fast</subfield><subfield code="0">(OCoLC)fst01215626</subfield></datafield><datafield ind1=" " ind2="7" tag="651"><subfield code="a">Florida</subfield><subfield code="z">Pinellas County.</subfield><subfield code="2">fast</subfield><subfield code="0">(OCoLC)fst01209407</subfield></datafield><datafield ind1=" " ind2="7" tag="651"><subfield code="a">Florida</subfield><subfield code="z">Tarpon Springs.</subfield><subfield code="2">fast</subfield><subfield code="0">(OCoLC)fst01212919</subfield></datafield><datafield ind1=" " ind2=" " tag="752"><subfield code="a">United States</subfield><subfield code="b">Florida</subfield><subfield code="c">Pinellas</subfield><subfield code="d">Tarpon Springs.</subfield></datafield><datafield ind1=" " ind2=" " tag="752"><subfield code="a">United States</subfield><subfield code="b">Florida</subfield><subfield code="c">Pinellas</subfield><subfield code="d">Dunedin.</subfield></datafield><datafield ind1="0" ind2=" " tag="775"><subfield code="t">Safety Harbor herald</subfield><subfield code="w">(DLC)sn 96027727</subfield><subfield code="w">(OCoLC)36075966</subfield></datafield><datafield ind1="1" ind2=" " tag="776"><subfield code="t">Dunedin herald</subfield><subfield code="h">microform</subfield><subfield code="w">(DLC)sn 96027732</subfield><subfield code="w">(OCoLC)36077262</subfield></datafield><datafield ind1="1" ind2="7" tag="785"><subfield code="t">Oldsmar herald</subfield><subfield code="w">(DLC)sn 96027733</subfield></datafield><datafield ind1="1" ind2="7" tag="785"><subfield code="t">Countryside herald</subfield></datafield><datafield ind1="1" ind2="7" tag="785"><subfield code="t">Herald (Tarpon Springs, Fla. : Dunedin, Oldsmar, Countryside ed.)</subfield><subfield code="w">(DLC)sn 96027737</subfield></datafield><datafield ind1=" " ind2=" " tag="850"><subfield code="a">FU</subfield></datafield></record>